@inproceedings{Ami_2022,
	doi = {10.1109/sp46214.2022.9833582},
  
	url = {https://doi.org/10.1109%2Fsp46214.2022.9833582},
  
	year = 2022,
	month = {may},
  
	publisher = {{IEEE}},
  
	author = {Amit Seal Ami and Nathan Cooper and Kaushal Kafle and Kevin Moran and Denys Poshyvanyk and Adwait Nadkarni},
  
	title = {Why Crypto-detectors Fail: A Systematic Evaluation of Cryptographic Misuse Detection Techniques},
  
	booktitle = {2022 {IEEE} Symposium on Security and Privacy ({SP})}
}

@inproceedings{Afrose_Rahaman_Yao_2019, title={CryptoAPI-Bench: A Comprehensive Benchmark on Java Cryptographic API Misuses}, DOI={10.1109/SecDev.2019.00017} , booktitle={2019 IEEE Cybersecurity Development (SecDev)}, author={Afrose, Sharmin and Rahaman, Sazzadur and Yao, Danfeng}, year={2019}, month={Sep}, pages={49–61} }

@article{Afrose_Xiao_Rahaman_Miller_Yao_2022, title={Evaluation of Static Vulnerability Detection Tools with Java Cryptographic API Benchmarks}, ISSN={1939-3520}, DOI={10.1109/TSE.2022.3154717} , journal={IEEE Transactions on Software Engineering}, author={Afrose, Sharmin and Xiao, Ya and Rahaman, Sazzadur and Miller, Barton and Yao, Danfeng Daphne}, year={2022}, pages={1–1} }

@inproceedings{Amann_Nadi_Nguyen_Nguyen_Mezini_2016, title={MUBench: A Benchmark for API-Misuse Detectors} , booktitle={2016 IEEE/ACM 13th Working Conference on Mining Software Repositories (MSR)}, author={Amann, Sven and Nadi, Sarah and Nguyen, Hoan A. and Nguyen, Tien N. and Mezini, Mira}, year={2016}, month={May}, pages={464–467} }

@inproceedings{Bodden_2018, address={Amsterdam Netherlands}, title={The secret sauce in efficient and precise static analysis: the beauty of distributive, summary-based static analyses (and how to master them)}, ISBN={978-1-4503-5939-9}, url={https://dl.acm.org/doi/10.1145/3236454.3236500}, DOI={10.1145/3236454.3236500} , booktitle={Companion Proceedings for the ISSTA/ECOOP 2018 Workshops}, publisher={ACM}, author={Bodden, Eric}, year={2018}, month={Jul}, pages={85–93}, language={en} }

@article{Braga_Dahab_Antunes_Laranjeiro_Vieira_2019, title={Understanding How to Use Static Analysis Tools for Detecting Cryptography Misuse in Software}, volume={68}, ISSN={1558-1721}, DOI={10.1109/TR.2019.2937214} , number={4}, journal={IEEE Transactions on Reliability}, author={Braga, Alexandre and Dahab, Ricardo and Antunes, Nuno and Laranjeiro, Nuno and Vieira, Marco}, year={2019}, month={Dec}, pages={1384–1403} }

@article{Choudhari_Guilley_Karray, 
    title={CRYScanner: Finding cryptographic libraries misuse}, 
    url={https://eprint.iacr.org/undefined/undefined} , 
    author={Choudhari, Amit and Guilley, Sylvain and Karray, Khaled} ,
    journal = {2021 8th NAFOSTED Conference on Information and Computer Science (NICS)} ,
    year = {2021}
    }

@article{Emanuelsson_Nilsson_2008, series={Proceedings of the 3rd International Workshop on Systems Software Veriﬁcation (SSV 2008)}, title={A Comparative Study of Industrial Static Analysis Tools}, volume={217}, ISSN={1571-0661}, DOI={10.1016/j.entcs.2008.06.039} , journal={Electronic Notes in Theoretical Computer Science}, author={Emanuelsson, Pär and Nilsson, Ulf}, year={2008}, month={Jul}, pages={5–21}, collection={Proceedings of the 3rd International Workshop on Systems Software Veriﬁcation (SSV 2008)}, language={en} }

@inproceedings{Feichtner_2019, title={A Comparative Study of Misapplied Crypto in Android and iOS Applications}, DOI={10.5220/0007915300960108} , author={Feichtner, Johannes}, year={2019}, month={Jul}, pages={96–108} }


@article{Hazhirpasand_Ghafari_Nierstrasz_2020, title={Java Cryptography Uses in the Wild}, url={http://arxiv.org/abs/2009.01101} , note={arXiv:2009.01101 [cs]}, number={arXiv:2009.01101}, publisher={arXiv}, author={Hazhirpasand, Mohammadreza and Ghafari, Mohammad and Nierstrasz, Oscar}, year={2020}, month={Sep} }

@inproceedings{Jovanovic_Kruegel_Kirda_2006, title={Pixy: a static analysis tool for detecting Web application vulnerabilities}, ISSN={2375-1207}, DOI={10.1109/SP.2006.29} , booktitle={2006 IEEE Symposium on Security and Privacy (S\&P’06)}, author={Jovanovic, N. and Kruegel, C. and Kirda, E.}, year={2006}, month={May}, pages={6 pp. – 263} }

@inproceedings{Kruger_Ali_Bodden_2020, address={San Diego CA USA}, title={CogniCrypt GEN: generating code for the secure usage of crypto APIs}, ISBN={978-1-4503-7047-9}, url={https://dl.acm.org/doi/10.1145/3368826.3377905}, DOI={10.1145/3368826.3377905} , booktitle={Proceedings of the 18th ACM/IEEE International Symposium on Code Generation and Optimization}, publisher={ACM}, author={Krüger, Stefan and Ali, Karim and Bodden, Eric}, year={2020}, month={Feb}, pages={185–198}, language={en} }

@inproceedings{Landman_Serebrenik_Vinju_2017, title={Challenges for Static Analysis of Java Reflection - Literature Review and Empirical Study}, ISSN={1558-1225}, DOI={10.1109/ICSE.2017.53} , booktitle={2017 IEEE/ACM 39th International Conference on Software Engineering (ICSE)}, author={Landman, Davy and Serebrenik, Alexander and Vinju, Jurgen J.}, year={2017}, month={May}, pages={507–518} }

@article{Li_Bissyandé_Papadakis_Rasthofer_Bartel_Octeau_Klein_Traon_2017, 
    title={Static analysis of android apps: A systematic literature review}, 
    volume={88}, 
    ISSN={09505849}, 
    DOI={10.1016/j.infsof.2017.04.001}, 
    journal={Information and Software Technology}, 
    author={Li, Li and Bissyandé, Tegawendé F. and Papadakis, Mike and Rasthofer, Siegfried and Bartel, Alexandre and Octeau, Damien and Klein, Jacques and Traon, Le}, 
    year={2017}, 
    month={Aug}, 
    pages={67–95}, 
    language={en} 
}

@article{Livshits_Lam, title={Finding Security Vulnerabilities in Java Applications with Static Analysis} , author={Livshits, V Benjamin and Lam, Monica S}, language={en} }

@inproceedings{Majumdar_Monsifrot_Thomborson_2006, 
    title={On Evaluating Obfuscatory Strength of Alias-based Transforms using Static Analysis}, 
    DOI={10.1109/ADCOM.2006.4289963} , 
    booktitle={2006 International Conference on Advanced Computing and Communications}, 
    author={Majumdar, Anirban and Monsifrot, Antoine and Thomborson, Clark}, 
    journal={ IEEE },
    year= {2006}, 
    month={Dec}, 
    pages={605–610} }

@article{Newbury_Ali_Craik_2021, title={Hotfixing Misuses of Crypto APIs in Java Programs} , author={Newbury, Kristen and Ali, Karim and Craik, Andrew}, year={2021}, language={en} }

@article{Oltrogge_Huaman_Amft_Acar_Backes_Fahl, 
    title={Why Eve and Mallory Still Love Android: Revisiting TLS (In)Security in Android Applications} , 
    author={Oltrogge, Marten and Huaman, Nicolas and Amft, Sabrina and Acar, Yasemin and Backes, Michael and Fahl, Sascha},
    journal = { USENIX Association },
    year = { 2021 } ,
    language={en} }

@article{Park_Lee_Ryu_2022, title={A Survey of Parametric Static Analysis}, volume={54}, ISSN={0360-0300, 1557-7341}, DOI={10.1145/3464457},  number={7}, journal={ACM Computing Surveys}, author={Park, Jihyeok and Lee, Hongki and Ryu, Sukyoung}, year={2022}, month={Sep}, pages={1–37}, language={en} }

@article{Possemato_Fratantonio, title={Towards HTTPS Everywhere on Android: We Are Not There Yet} , author={Possemato, Andrea and Fratantonio, Yanick}, language={en} }

@inproceedings{Rodrigues_Braga_Dahab_2020, title={Using Graph Embeddings and Machine Learning to Detect Cryptography Misuse in Source Code}, DOI={10.1109/ICMLA51294.2020.00171} , booktitle={2020 19th IEEE International Conference on Machine Learning and Applications (ICMLA)}, author={Rodrigues, Gustavo Eloi de P. and Braga, Alexandre M. and Dahab, Ricardo}, year={2020}, month={Dec}, pages={1059–1066} }

@article{Schlichtig_Wickert_Kruger_Bodden_Mezini_2022, title={CamBench -- Cryptographic API Misuse Detection Tool Benchmark Suite}, url={http://arxiv.org/abs/2204.06447} , note={arXiv:2204.06447 [cs]}, number={arXiv:2204.06447}, publisher={arXiv}, author={Schlichtig, Michael and Wickert, Anna-Katharina and Krüger, Stefan and Bodden, Eric and Mezini, Mira}, year={2022}, month={Apr} }

@inproceedings{Shahriar_Zulkernine_2010, title={Classification of Static Analysis-Based Buffer Overflow Detectors}, DOI={10.1109/SSIRI-C.2010.28} , booktitle={2010 Fourth International Conference on Secure Software Integration and Reliability Improvement Companion}, author={Shahriar, Hossain and Zulkernine, Mohammad}, year={2010}, month={Jun}, pages={94–101} }

@inproceedings{Singleton_Zhao_Song_Siy_2020, address={Virtual Event USA}, title={CryptoTutor: Teaching Secure Coding Practices through Misuse Pattern Detection}, ISBN={978-1-4503-7045-5}, url={https://dl.acm.org/doi/10.1145/3368308.3415419}, DOI={10.1145/3368308.3415419} , booktitle={Proceedings of the 21st Annual Conference on Information Technology Education}, publisher={ACM}, author={Singleton, Larry and Zhao, Rui and Song, Myoungkyu and Siy, Harvey}, year={2020}, month={Oct}, pages={403–408}, language={en} }

@inproceedings{Wickert_Baumgartner_Breitfelder_Mezini_2021, title={Python Crypto Misuses in the Wild}, url={http://arxiv.org/abs/2109.01109}, DOI={10.1145/3475716.3484195} , note={arXiv:2109.01109 [cs]}, booktitle={Proceedings of the 15th ACM / IEEE International Symposium on Empirical Software Engineering and Measurement (ESEM)}, author={Wickert, Anna-Katharina and Baumgärtner, Lars and Breitfelder, Florian and Mezini, Mira}, year={2021}, month={Oct}, pages={1–6} }

@inproceedings{Wickert_Reif_Eichberg_Dodhy_Mezini_2019, title={A Dataset of Parametric Cryptographic Misuses}, ISSN={2574-3864}, DOI={10.1109/MSR.2019.00023} , booktitle={2019 IEEE/ACM 16th International Conference on Mining Software Repositories (MSR)}, author={Wickert, Anna-Katharina and Reif, Michael and Eichberg, Michael and Dodhy, Anam and Mezini, Mira}, year={2019}, month={May}, pages={96–100} }

@inproceedings{Xing_Cheng_Dietl_2021, address={Virtual Denmark}, title={Ensuring correct cryptographic algorithm and provider usage at compile time}, ISBN={978-1-4503-8543-5}, url={https://dl.acm.org/doi/10.1145/3464971.3468418}, DOI={10.1145/3464971.3468418} , booktitle={Proceedings of the 23rd ACM International Workshop on Formal Techniques for Java-like Programs}, publisher={ACM}, author={Xing, Weitian and Cheng, Yuanhui and Dietl, Werner}, year={2021}, month={Jul}, pages={43–50}, language={en} }

@article{Yan_Xu_Rountev, title={Demand-driven context-sensitive alias analysis for Java} , author={Yan, Dacong and Xu, Guoqing and Rountev, Atanas}, language={en} }

@article{Zhang_Kabir_Xiao_Yao_Meng_2023, title={Automatic Detection of Java Cryptographic API Misuses: Are We There Yet?}, volume={49}, ISSN={1939-3520}, DOI={10.1109/TSE.2022.3150302} , number={1}, journal={IEEE Transactions on Software Engineering}, author={Zhang, Ying and Kabir, Md Mahir Asef and Xiao, Ya and Yao, Danfeng and Meng, Na}, year={2023}, month={Jan}, pages={288–303} }

@misc{sonarqube,
    key          = {Synopsys technology},
    howpublished = {\url{https://www.sonarqube.org/}},
    title        = {Code {{Quality}} and {{Security}} | {{SonarQube}}},
    note         = {Accessed September, 2022}
},
@misc{CoveritySASTSoftware,
    key          = {Synopsys technology},
    howpublished = {\url{https://www.synopsys.com/software-integrity/security-testing/static-analysis-sast.html}},
    title        = {Coverity {{SAST Software}} | {{Synopsys}}},
    note         = {Accessed Mar, 2023}
}
@misc{spotbugs_findsecbugs,
    howpublished = {\url{https://find-sec-bugs.github.io/}},
    note         = {Accessed Mar, 2023},
    title        = {Find {{Security Bugs}}},
    key          = {SpotBugs}
}
@misc{github_security_lab,
    key          = {github},
    howpublished = {\url{https://securitylab.github.com/}},
    title        = {{{GitHub Security Lab}}},
    note         = {Accessed Mar, 2023}
}
@misc{shiftleft,
    key          = {shiftleft},
    howpublished = {\url{https://shiftleft.io/scan}},
    note         = {Accessed Mar, 2023},
    title        = {{{ShiftLeft Scan}}},
    language     = {en}
}
@misc{lgtm,
    key          = {lgtm},
    howpublished = {\url{https://lgtm.com/}},
    title        = {{{LGTM}} - {{Continuous}} Security Analysis},
    note         = {Accessed Mar, 2023},
    language     = {en}
}
@misc{cognicrypteclipse,
    key          = {cognicrypt},
    howpublished = {\url{https://www.eclipse.org/cognicrypt/}},
    title        = {{{CogniCrypt}} - {{Secure Integration}} of
                   {{Cryptographic Software}} | {{CogniCrypt}}},
    note         = {Accessed Mar, 2023}
}
@misc{cryptoguard_oracle,
    key          = {cryptoguard},
    month        = jul,
    howpublished = {\url{https://labs.oracle.com/pls/apex/f?p=94065:40150:0::::P40150_PUBLICATION_ID:6629}},
    title        = {{Oracle - Industrial Experience of Finding
                   Cryptographic Vulnerabilities in Large-scale
                   Codebases}},
    year         = {2020},
    note         = {Accessed Mar, 2023}
}
@misc{cryptoguard_nsf_ttp,
    key          = {cryptoguard},
    month        = sep,
    howpublished = {\url{https://www.nsf.gov/awardsearch/showAward?AWD_ID=1929701&HistoricalAwards=false}},
    title        = {{{NSF Award Search}}: {{Award}}\#1929701 - {{SaTC}}:
                   {{TTP}}: {{Medium}}: {{Collaborative}}:
                   {{Deployment}}-Quality and {{Accessible Solutions}}
                   for {{Cryptography Code Development}}},
    year         = {2019},
    note         = {Accessed Mar, 2023}
}
@misc{github_third_party_code_scanners,
    key          = {github},
    month        = oct,
    howpublished = {\url{https://github.blog/2020-10-05-announcing-third-party-code-scanning-tools-static-analysis-and-developer-security-training/}},
    title        = {{{Announcing third-party code scanning tools: static
                   analysis \& developer security training - The GitHub
                   Blog}}},
    year         = {2020},
    note         = {Accessed Mar, 2023}
}
@misc{qark_linkedin_engineering_team,
    key          = {LinkedIn Corp},
    month        = aug,
    howpublished = {\url{https://engineering.linkedin.com/blog/2015/08/introducing-qark}},
    title        = {{Introducing QARK: An Open Source Tool to Improve Android Application Security | LinkedIn Engineering}},
    year         = {2015},
    note         = {Accessed Mar, 2023}
}

@misc{codeguru,
    key          = {amazon},
    howpublished = {\url{https://aws.amazon.com/codeguru/}},
    title        = {Amazon Code Guru},
    note         = {Accessed Mar, 2023}
}

@misc{snyk,
    key          = {Snyk Limited},
    howpublished = {\url{https://snyk.io/}},
    title        = {Snyk - Developer loved, Security trusted.},
    note         = {Accessed Mar, 2023}
}

@misc{deepsource,
    key          = {DeepSource Corp},
    howpublished = {\url{https://deepsource.io/platform/sast/}},
    title        = {Deepsource - Secure every commit without slowing development},
    note         = {Accessed Mar, 2023}
}

@misc{codiga,
    key          = {Codiga},
    howpublished = {\url{https://www.codiga.io/static-code-analysis/sast-owasp10-sans25/}},
    title        = {Codiga - SAST: OWASP and CWE},
    note         = {Accessed Mar, 2023}
}

@misc{github-search,
    key          = {github},
    howpublished = {\url{https://github.com/search/advanced}},
    title        = {{GitHub - Where software is built | Advanced search
    }},
    note         = {Accessed Feb, 2023}
}
@article{afrose2022evaluation,
  title={Evaluation of static vulnerability detection tools with Java cryptographic API benchmarks},
  author={Afrose, Sharmin and Xiao, Ya and Rahaman, Sazzadur and Miller, Barton P and Yao, Danfeng},
  journal={IEEE Transactions on Software Engineering},
  volume={49},
  number={2},
  pages={485--497},
  year={2022},
  publisher={IEEE}
}
@inproceedings{and93,
    author    = {Anderson, Ross},
    title     = {Why {C}ryptosystems {F}ail},
    year      = {1993},
    isbn      = {0897916298},
    publisher = {Association for Computing Machinery},
    address   = {New York, NY, USA},
    url       = {https://doi-org.proxy.wm.edu/10.1145/168588.168615},
    doi       = {10.1145/168588.168615},
    booktitle = {Proceedings of the 1st ACM Conference on Computer and Communications Security},
    pages     = {215–227},
    numpages  = {13},
    location  = {Fairfax, Virginia, USA},
    series    = {CCS '93}
}


@inproceedings{fhm+12,
    author    = {Fahl, Sascha and Harbach, Marian and Muders, Thomas and Baumg\"{a}rtner, Lars and Freisleben, Bernd and Smith, Matthew},
    title     = {Why {{Eve}} and {{Mallory Love Android}}: {{An Analysis}} of {{Android SSL}} (in){{Security}}},
    year      = {2012},
    isbn      = {9781450316514},
    publisher = {Association for Computing Machinery},
    address   = {New York, NY, USA},
    url       = {https://doi.org/10.1145/2382196.2382205},
    doi       = {10.1145/2382196.2382205},
    booktitle = {Proceedings of the 2012 ACM Conference on Computer and Communications Security},
    pages     = {50–61},
    numpages  = {12},
    keywords  = {apps, android, mitma, security, ssl},
    location  = {Raleigh, North Carolina, USA},
    series    = {CCS '12}
}


@inproceedings{rxa+19,
    address   = {{London, United Kingdom}},
    author    = {Rahaman, Sazzadur and Xiao, Ya and Afrose, Sharmin and
                   Shaon, Fahad and Tian, Ke and Frantz, Miles and
                   Kantarcioglu, Murat and Yao, Danfeng (Daphne)},
    booktitle = {Proceedings of the 2019 {{ACM SIGSAC Conference}} on
                   {{Computer}} and {{Communications Security}} -
                   {{CCS}} '19},
    month     = nov,
    pages     = {2455--2472},
    publisher = {{ACM Press}},
    title     = {{CryptoGuard: High Precision Detection of
                   Cryptographic Vulnerabilities in Massive-sized Java
                   Projects}},
    year      = {2019},
    doi       = {10.1145/3319535.3345659},
    isbn      = {978-1-4503-6747-9},
    language  = {en}
}



@inproceedings{SSG+14,
    title      = {{{SMV}}-{{HUNTER}}: {{Large Scale}}, {{Automated Detection}} of {{SSL}}/{{TLS Man}}-in-the-{{Middle Vulnerabilities}} in {{Android Apps}}},
    shorttitle = {{{SMV}}-{{HUNTER}}},
    booktitle  = {Proceedings 2014 {{Network}} and {{Distributed System Security Symposium}}},
    author     = {Sounthiraraj, David and Sahs, Justin and Greenwood, Garrett and Lin, Zhiqiang and Khan, Latifur},
    year       = {2014},
    publisher  = {{Internet Society}},
    address    = {{San Diego, CA}},
    doi        = {10.14722/ndss.2014.23205},
    isbn       = {978-1-891562-35-8},
    language   = {en},
    month      = feb
}





@article{TLL+19,
    author   = {Tang, Junwei and Li, Jingjing and Li, Ruixuan and
                   Han, Hongmu and Gu, Xiwu and Xu, Zhiyong},
    journal  = {Security and Communication Networks},
    month    = oct,
    pages    = {1--20},
    title    = {{{SSLDetecter}}: {{Detecting SSL Security
                   Vulnerabilities}} of {{Android Applications Based}}
                   on a {{Novel Automatic Traversal Method}}},
    volume   = {2019},
    year     = {2019},
    doi      = {10.1155/2019/7193684},
    issn     = {1939-0114, 1939-0122},
    language = {en}
}

@inproceedings{ZWG15,
    address   = {{New York, NY, USA}},
    author    = {Zuo, Chaoshun and Wu, Jianliang and Guo, Shanqing},
    booktitle = {Proceedings of the 10th {{ACM Symposium}} on
                   {{Information}}, {{Computer}} and {{Communications
                   Security}}},
    pages     = {591--596},
    publisher = {{ACM}},
    series    = {{{ASIA CCS}} '15},
    title     = {Automatically {{Detecting SSL Error}}-{{Handling
                   Vulnerabilities}} in {{Hybrid Mobile Web Apps}}},
    year      = {2015},
    doi       = {10.1145/2714576.2714583},
    isbn      = {978-1-4503-3245-3}
}

@inproceedings{ZCD+19,
    address   = {{Chaoyang District, Beijing}},
    author    = {Zhang, Li and Chen, Jiongyi and Diao, Wenrui and
                   Guo, Shanqing and Weng, Jian and Zhang, Kehuan},
    booktitle = {22nd International Symposium on Research in Attacks,
                   Intrusions and Defenses ({{RAID}} 2019)},
    month     = sep,
    pages     = {151--164},
    publisher = {{USENIX Association}},
    title     = {{{CryptoREX}}: Large-Scale Analysis of Cryptographic
                   Misuse in {{IoT}} Devices},
    year      = {2019},
    isbn      = {978-1-939133-07-6}
}

@inproceedings{kmm+19,
    author    = {Kaushal Kafle and Kevin Moran and Sunil Manandhar and
                   Adwait Nadkarni and Denys Poshyvanyk},
    booktitle = {Proceedings of the 9th ACM Conference on Data and
                   Application Security and Privacy (CODASPY)},
    month     = mar,
    title     = {{A Study of Data Store-based Home Automation}},
    year      = {2019}
}

@inproceedings{KSA+18,
    author    = {Kr{\"u}ger, Stefan and Sp{\"a}th, Johannes and
                   Ali, Karim and Bodden, Eric and Mezini, Mira},
    booktitle = {32nd {{European Conference}} on {{Object}}-{{Oriented
                   Programming}} ({{ECOOP}} 2018)},
    editor    = {Millstein, Todd},
    pages     = {10:1-10:27},
    publisher = {{Schloss Dagstuhl--Leibniz-Zentrum fuer Informatik}},
    series    = {Leibniz {{International Proceedings}} in
                   {{Informatics}} ({{LIPIcs}})},
    title     = {{{CrySL}}: {{An Extensible Approach}} to
                   {{Validating}} the {{Correct Usage}} of
                   {{Cryptographic APIs}}},
    volume    = {109},
    year      = {2018},
    doi       = {10.4230/LIPIcs.ECOOP.2018.10},
    isbn      = {978-3-95977-079-8},
    issn      = {1868-8969},
    urn       = {urn:nbn:de:0030-drops-92151}
}

@inproceedings{ebfk13,
    address   = {{Berlin, Germany}},
    author    = {Egele, Manuel and Brumley, David and
                   Fratantonio, Yanick and Kruegel, Christopher},
    booktitle = {Proceedings of the 2013 {{ACM SIGSAC}} Conference on
                   {{Computer}} \& Communications Security - {{CCS}}
                   '13},
    pages     = {73--84},
    publisher = {{ACM Press}},
    title     = {{An Empirical Study of Cryptographic Misuse in Android
                   Applications}},
    year      = {2013},
    doi       = {10.1145/2508859.2516693},
    isbn      = {978-1-4503-2477-9},
    language  = {en}
}


@inproceedings{oha+21,
    author    = {Marten Oltrogge and Nicolas Huaman and Sabrina Amft and Yasemin Acar and Michael Backes and Sascha Fahl},
    title     = {{Why Eve and Mallory Still Love Android: Revisiting {TLS} (In)Security in Android Applications}},
    booktitle = {30th {USENIX} Security Symposium ({USENIX} Security 21)},
    year      = {2021},
    url       = {https://www.usenix.org/conference/usenixsecurity21/presentation/oltrogge},
    publisher = {{USENIX} Association},
    month     = aug
}

@inproceedings{QWR18,
    address   = {{Amsterdam, Netherlands}},
    author    = {Qiu, Lina and Wang, Yingying and Rubin, Julia},
    booktitle = {Proceedings of the 27th {{ACM SIGSOFT International
                   Symposium}} on {{Software Testing}} and {{Analysis}}
                   - {{ISSTA}} 2018},
    pages     = {176--186},
    publisher = {{ACM Press}},
    title     = {Analyzing the Analyzers: {{FlowDroid}}/{{IccTA}},
                   {{AmanDroid}}, and {{DroidSafe}}},
    year      = {2018},
    doi       = {10.1145/3213846.3213873},
    isbn      = {978-1-4503-5699-2},
    language  = {en}
}


@misc{droidbench,
    howpublished = {\url{https://github.com/secure-software-engineering/DroidBench}},
    key          = {DroidBench},
    note         = {Accessed Jun, 2020},
    title        = {{secure-software-engineering/DroidBench: A micro-benchmark suite to assess the stability of taint-analysis tools for Android}}
}

@misc{iccbench,
    howpublished = {\url{https://github.com/fgwei/ICC-Bench}},
    key          = {iccbench},
    note         = {Accessed Jun, 2020},
    title        = {{fgwei/ICC-Bench: Benchmark apps for static analyzing inter-component data leakage problem of Android apps.}}
}

@inproceedings{PBW18,
    address   = {{Lake Buena Vista, FL, USA}},
    author    = {Pauck, Felix and Bodden, Eric and Wehrheim, Heike},
    booktitle = {Proceedings of the 2018 26th {{ACM Joint Meeting}} on
                   {{European Software Engineering Conference}} and
                   {{Symposium}} on the {{Foundations}} of {{Software
                   Engineering}}},
    month     = oct,
    pages     = {331--341},
    publisher = {{Association for Computing Machinery}},
    series    = {{{ESEC}}/{{FSE}} 2018},
    title     = {Do {{Android}} Taint Analysis Tools Keep Their
                   Promises?},
    year      = {2018},
    doi       = {10.1145/3236024.3236029},
    isbn      = {978-1-4503-5573-5}
}


@inproceedings{bkm+18,
    author    = {Richard Bonett and Kaushal Kafle and Kevin Moran and Adwait Nadkarni and Denys Poshyvanyk},
    title     = {Discovering Flaws in Security-Focused Static Analysis Tools for {Android} using Systematic Mutation},
    booktitle = {27th {USENIX} Security Symposium ({USENIX} Security 18)},
    year      = {2018},
    isbn      = {978-1-939133-04-5},
    address   = {Baltimore, MD},
    pages     = {1263--1280},
    url       = {https://www.usenix.org/conference/usenixsecurity18/presentation/bonett},
    publisher = {{USENIX} Association},
    month     = aug
}


@article{lss+15,
    author   = {Livshits, Benjamin and Vardoulakis, Dimitrios and
                   Sridharan, Manu and Smaragdakis, Yannis and
                   Lhot{\'a}k, Ond{\v r}ej and Amaral, J. Nelson and
                   Chang, Bor-Yuh Evan and Guyer, Samuel Z. and
                   Khedker, Uday P. and M\o ller, Anders},
    journal  = {Communications of the ACM},
    month    = jan,
    number   = {2},
    pages    = {44--46},
    title    = {In Defense of Soundiness: A Manifesto},
    volume   = {58},
    year     = {2015},
    doi      = {10.1145/2644805},
    issn     = {00010782},
    language = {en}
}

@inproceedings{arf+14,
    author    = {Steven Arzt and Siegfried Rasthofer and
                   Christian Fritz and Eric Bodden and Alexandre Bartel and
                   Jacques Klein and Yves le Traon and Damien Octeau and
                   Patrick McDaniel},
    booktitle = {Proceedings of the ACM SIGPLAN Conference on
                   Programming Language Design and Implementation
                   (PLDI)},
    title     = {{FlowDroid: Precise Context, Flow, Field,
                   Object-sensitive and Lifecycle-aware Taint Analysis
                   for Android Apps}},
    year      = {2014}
}

@inproceedings{wror14,
    author    = {Fengguo Wei, Sankardas Roy, Xinming Ou and Robby},
    booktitle = {Proceedings of the ACM Conference on Computer and
                   Communications Security (CCS)},
    month     = nov,
    title     = {{Amandroid: A Precise and General Inter-component
                   Data Flow Analysis Framework for Security Vetting of
                   Android Apps}},
    year      = {2014}
}

@inproceedings{dhk+16,
    author    = {Dolan-Gavitt, Brendan and Hulin, Patrick and
                   Kirda, Engin and Leek, Tim and Mambretti, Andrea and
                   Robertson, Wil and Ulrich, Frederick and
                   Whelan, Ryan},
    booktitle = {Proceedings of the 37th IEEE Symposium on Security
                   and Privacy (S\&P)},
    month     = may,
    title     = {{Lava: Large-scale automated vulnerability addition}},
    year      = {2016}
}

@inproceedings{WLW+19,
    author    = {Wen, Ming and Liu, Yepang and Wu, Rongxin and
                   Xie, Xuan and Cheung, Shing-Chi and Su, Zhendong},
    booktitle = {2019 {{IEEE}}/{{ACM}} 41st {{International
                   Conference}} on {{Software Engineering}} ({{ICSE}})},
    month     = may,
    pages     = {866--877},
    title     = {Exposing {{Library API Misuses Via Mutation
                   Analysis}}},
    year      = {2019},
    doi       = {10.1109/ICSE.2019.00093},
    issn      = {0270-5257}
}

@inproceedings{GKL+19,
    address   = {{Montreal, QC, Canada}},
    author    = {Gao, Jun and Kong, Pingfan and Li, Li and
                   Bissyande, Tegawende F. and Klein, Jacques},
    booktitle = {2019 {{IEEE}}/{{ACM}} 16th {{International
                   Conference}} on {{Mining Software Repositories}}
                   ({{MSR}})},
    month     = may,
    pages     = {388--398},
    publisher = {{IEEE}},
    title     = {Negative {{Results}} on {{Mining Crypto}}-{{API Usage
                   Rules}} in {{Android Apps}}},
    year      = {2019},
    doi       = {10.1109/MSR.2019.00065},
    isbn      = {978-1-72813-412-3},
    language  = {en}
}

@inproceedings{BDA+17,
    author    = {Braga, Alexandre and Dahab, Ricardo and Antunes, Nuno and
                   Laranjeiro, Nuno and Vieira, Marco},
    booktitle = {2017 {{IEEE}} 28th {{International Symposium}} on
                   {{Software Reliability Engineering}} ({{ISSRE}})},
    month     = oct,
    pages     = {170--181},
    title     = {Practical {{Evaluation}} of {{Static Analysis Tools}}
                   for {{Cryptography}}: {{Benchmarking Method}} and
                   {{Case Study}}},
    year      = {2017},
    doi       = {10.1109/ISSRE.2017.27},
    issn      = {2332-6549}
}

@article{BDA+19,
    title    = {Understanding {{How}} to {{Use Static Analysis Tools}} for {{Detecting Cryptography Misuse}} in {{Software}}},
    author   = {Braga, Alexandre and Dahab, Ricardo and Antunes, Nuno and Laranjeiro, Nuno and Vieira, Marco},
    year     = {2019},
    month    = dec,
    volume   = {68},
    pages    = {1384--1403},
    issn     = {0018-9529, 1558-1721},
    doi      = {10.1109/TR.2019.2937214},
    journal  = {IEEE Transactions on Reliability},
    language = {en},
    number   = {4}
}




@inproceedings{BD16,
    author    = {Braga, A. and Dahab, R.},
    booktitle = {2016 {{IEEE International Conference}} on {{Software
                   Quality}}, {{Reliability}} and {{Security Companion}}
                   ({{QRS}}-{{C}})},
    month     = aug,
    pages     = {143--150},
    title     = {Mining {{Cryptography Misuse}} in {{Online Forums}}},
    year      = {2016},
    doi       = {10.1109/QRS-C.2016.23}
}

@article{NVK16,
    author   = {{National Institute of Technology (NIT) Puducherry,
  Karaikal, India} and Vasan K., Keerthi and Kumar P., Arun Raj},
    journal  = {International Journal of Computer Network and
                   Information Security},
    month    = feb,
    number   = {2},
    pages    = {15--24},
    title    = {Taxonomy of {{SSL}}/{{TLS Attacks}}},
    volume   = {8},
    year     = {2016},
    doi      = {10.5815/ijcnis.2016.02.02},
    issn     = {20749090, 20749104},
    language = {en}
}

@article{KBB+09,
    author  = {Kitchenham, Barbara and Brereton, O. Pearl and
                   Budgen, David and Turner, Mark and Bailey, John and
                   Linkman, Stephen},
    journal = {Information and Software Technology},
    number  = {1},
    pages   = {7--15},
    title   = {Systematic Literature Reviews in Software Engineering
                   \textendash{} {{A}} Systematic Literature Review},
    volume  = {51},
    year    = {2009},
    doi     = {10.1016/j.infsof.2008.09.009},
    issn    = {0950-5849}
}



@article{PVK15,
    author   = {Petersen, Kai and Vakkalanka, Sairam and
                   Kuzniarz, Ludwik},
    journal  = {Information and Software Technology},
    month    = aug,
    pages    = {1--18},
    title    = {Guidelines for Conducting Systematic Mapping Studies
                   in Software Engineering: {{An}} Update},
    volume   = {64},
    year     = {2015},
    doi      = {10.1016/j.infsof.2015.03.007},
    issn     = {09505849},
    language = {en}
}



@misc{OWASP,
    key          = {"OWASP"},
    howpublished = {\url{https://www.owasp.org/}},
    title        = {{OWASP Foundation | Open Source Foundation for Application Security}},
    note         = {Accessed May, 2020}
}

@misc{soundinessWebsite,
    key          = {{Soundiness}},
    howpublished = {\url{http://soundiness.org/ }},
    type         = {Topic},
    title        = {{{Soundiness Home Page}}},
    language     = {en-US},
    note         = {Accessed May, 2020}
}


@misc{jcaHostnameVerifierExample,
    key          = {Oracle},
    howpublished = {\url{https://docs.oracle.com/en/java/javase/11/security/java-secure-socket-extension-jsse-reference-guide.html}},
    title        = {Java {{Secure Socket Extension}} ({{JSSE}})
                   {{Reference Guide} - Oracle Help Center}},
    note         = {Accessed Nov, 2020}
}

@misc{androidHostnameVerifierExample,
    key          = {Android},
    howpublished = {\url{https://developer.android.com/training/articles/security-ssl}},
    title        = {Security with {{HTTPS}} and {{SSL} - Android
                   Developers}},
    note         = {Accessed Nov, 2020}
}

@article{mtb+18,
    author   = {Moran, Kevin and Tufano, Michele and
                   {Bernal-C{\'a}rdenas}, Carlos and
                   {Linares-V{\'a}squez}, Mario and Bavota, Gabriele and
                   Vendome, Christopher and Di Penta, Massimiliano and
                   Poshyvanyk, Denys},
    journal  = {Proceedings of the 40th International Conference on
                   Software Engineering Companion Proceeedings - ICSE
                   '18},
    pages    = {33--36},
    title    = {{{MDroid}}+: {{A Mutation Testing Framework}} for
                   {{Android}}},
    year     = {2018},
    doi      = {10.1145/3183440.3183492},
    language = {en}
}


@inproceedings{lbt+17,
    title     = {Enabling {{Mutation Testing}} for {{Android Apps}}},
    booktitle = {Proceedings of the 2017 11th {{Joint Meeting}} on {{Foundations}} of {{Software Engineering}}},
    author    = {{Linares-V{\'a}squez}, Mario and Bavota, Gabriele and Tufano, Michele and Moran, Kevin and Di Penta, Massimiliano and Vendome, Christopher and {Bernal-C{\'a}rdenas}, Carlos and Poshyvanyk, Denys},
    year      = {2017},
    pages     = {233--244},
    publisher = {{Association for Computing Machinery}},
    address   = {{New York, NY, USA}},
    doi       = {10.1145/3106237.3106275},
    isbn      = {978-1-4503-5105-8},
    keywords  = {Android,Fault taxonomy,Mutation testing,Operators},
    series    = {{{ESEC}}/{{FSE}} 2017}
}



@misc{fdroid,
    key          = {fdroid},
    howpublished = {\url{https://f-droid.org/}},
    title        = {F-{{Droid}} - {{Free}} and {{Open Source Android App
                   Repository}}},
    note         = {Accessed Jun, 2020}
}

@misc{Github,
    key          = {Github},
    howpublished = {\url{https://github.com}},
    title        = {{GitHub: Where the world builds software · GitHub}},
    note         = {Accessed Jul, 2021},
    language     = {en}
}

@misc{qpid,
    key          = {qpid},
    howpublished = {\url{https://qpid.apache.org/components/broker-j/}},
    title        = {{Broker-J - Apache Qpid}},
    note         = {Accessed May, 2020}
}


@misc{stackoverflow,
    key          = {stackoverflow},
    howpublished = {\url{https://stackoverflow.com}},
    title        = {{Stack Overflow - Where Developers Learn, Share, \&
                   Build Careers}},
    note         = {Accessed Jun, 2020}
}

@misc{cryptostackexchange,
    key          = {stackoverflow},
    howpublished = {\url{https://crypto.stackexchange.com}},
    title        = {{Cryptography Stack Exchange}},
    note         = {Accessed Jun, 2020}
}

@misc{EnableMultidexApps,
    author       = {Android Developers},
    howpublished = {\url{https://developer.android.com/studio/build/multidex}},
    title        = {Enable Multidex for Apps with over {{64K}} Methods  |  Android Developers},
    note         = {Accessed May, 2020}
}

@misc{codeql_basic_crypto_rules,
    key          = {github},
    month        = aug,
    howpublished = {\url{https://github.com/github/codeql/blob/768e5190a1c9d40a4acc7143c461c3b114e7fd59/java/ql/src/semmle/code/java/security/Encryption.qll#L142}},
    title        = {{codeql/Encryption.qll at github/codeql}},
    year         = {2018},
    note         = {Accessed Jul, 2021}
}

@misc{realMisuseAlgoUpperCase,
    key          = {Github},
    month        = apr,
    howpublished = {\url{https://github.com/elainrd/pdf-service/blob/243588e446ed875e13a99ea08e2baa3e0806c346/src/main/java/com/hhd/pdf/util/Md5Util.java#L76}},
    title        = {pdf-service/Md5Util.java at elainrd/pdf-servic},
    year         = {2019},
    note         = {Accessed Jul, 2021}
}

@misc{realMisuseNoiseReplace,
    key          = {Github},
    month        = may,
    howpublished = {\url{https://github.com/mrdrivingduck/encryption-machine/blob/74c5679c86cf11f74409cfc63e1385b906734099/src/iot/zjt/encrypt/machine/AsymEncrpMachine.java#L95}},
    title        = {encryption-machine/AsymEncrpMachine.java at
                   mrdrivingduck/encryption-machine},
    year         = {2019},
    note         = {Accessed Jul, 2021}
}

@misc{realMisuseRandomIV,
    key          = {Github},
    month        = nov,
    howpublished = {\url{https://github.com/google/ExoPlayer/blob/f182c0c1169cba7c22280058368127c24609054f/library/core/src/main/java/com/google/android/exoplayer2/upstream/cache/CachedContentIndex.java#L332
  }},
    title        = {{ExoPlayer/CachedContentIndex.java at
                   google/ExoPlayer}},
    year         = {2016},
    note         = {Accessed Jul, 2021}
}

@misc{realMisuseConstantIVUltimateAndroidGithub,
    key          = {Github},
    month        = may,
    howpublished = {\url{https://github.com/cymcsg/UltimateAndroid/blob/678afdda49d1e7c91a36830946a85e0fda541971/UltimateAndroid/ultimateandroid/src/main/java/com/marshalchen/ua/common/commonUtils/urlUtils/TripleDES.java#L144
  }},
    title        = {{UltimateAndroid/TripleDES.java at
                   cymcsg/UltimateAndroid}},
    year         = {2016},
    note         = {Accessed Jul, 2021}
}

@misc{realMisuseConstantIVJeeSuiteAndroidGithub,
    key          = {Github},
    month        = jul,
    howpublished = {\url{https://github.com/vakinge/jeesuite-libs/blob/master/jeesuite-common/src/main/java/com/jeesuite/common/crypt/DES.java#L37}},
    title        = {{jeesuite-libs/DES.java at vakinge/jeesuite-libs}},
    year         = {2017},
    note         = {Accessed Jul, 2021}
}


@misc{apache_ignite,
    howpublished = {\url{https://github.com/apache/ignite}},
    key          = {github},
    title        = {{Apache Ignite}},
    note         = {Accessed Jul, 2021}
}

@misc{apache_ignite_key_get_instance,
    key          = {github},
    month        = jan,
    howpublished = {\url{https://github.com/apache/ignite/blob/1a3fd112b02133892c7c95d4be607079ffa83211/modules/core/src/main/java/org/apache/ignite/internal/util/IgniteUtils.java#L11714}},
    title        = {{ignite/IgniteUtils.java at apache/ignite}},
    year         = {2015},
    language     = {en},
    note         = {Accessed Jul, 2021}
}

@misc{aes_apache_hive,
    key          = {github},
    month        = aug,
    howpublished = {\url{https://github.com/apache/hive/blob/526bd87e9103375f0ddb8064dcfd8c31342b4c08/ql/src/java/org/apache/hadoop/hive/ql/udf/generic/GenericUDFAesBase.java#L108}},
    title        = {{hive/GenericUDFAesBase.java at master - apache/hive}},
    year         = {2015},
    note         = {Accessed Jul, 2021}
}



@misc{azure_sdk_java,
    key          = {github},
    howpublished = {\url{https://github.com/Azure/azure-sdk-for-java}},
    title        = {{Azure/azure-sdk-for-java: This repository is for
                   active development of the Azure SDK for Java}},
    note         = {Accessed Jul, 2021}
}

@misc{realMisuseX509ExtendedTrustManager,
    key          = {Github},
    month        = mar,
    howpublished = {\url{https://github.com/apache/jmeter/blob/704adb91f7f967402b9b709e89f5b73f0a466283/src/core/src/main/java/org/apache/jmeter/util/TrustAllSSLSocketFactory.java}},
    title        = {{jmeter/TrustAllSSLSocketFactory.java at
                   apache/jmeter}},
    year         = {2019},
    note         = {Accessed Jul, 2021}
}

@misc{BCX509ExtendedTrustManager,
    key          = {BC},
    howpublished = {\url{https://www.bouncycastle.org/docs/tlsdocs1.5on/org/bouncycastle/jsse/BCX509ExtendedTrustManager.html}},
    title        = {{BCX509ExtendedTrustManager (Bouncy Castle Library
                   1.66 API Specification)}},
    note         = {Accessed Jul, 2021}
}

@misc{FilterX509TrustManager,
    key          = {BC},
    month        = dec,
    howpublished = {\url{https://github.com/pfirmstone/JGDMS/blob/a44b96809783199b5fd69ffb803e0c4ceb9fad67/JGDMS/jgdms-jeri/src/main/java/net/jini/jeri/ssl/FilterX509TrustManager.java}},
    title        = {{JGDMS/FilterX509TrustManager.java at
                   pfirmstone/JGDMS}},
    year         = {2018},
    note         = {Accessed Jul, 2021}
}

@misc{realMisuseHostnameVerifierGenericCondition,
    key          = {stackoverflow},
    month        = dec,
    howpublished = {\url{https://stackoverflow.com/a/41330005}},
    title        = {{android - Google Play Warning: How to fix incorrect
                   implementation of HostnameVerifier? - Stack
                   Overflow}},
    year         = {2016},
    note         = {Accessed Jul, 2021}
}

@misc{realMisuseHostnameVerifierSpecificCondition,
    key          = {stackoverflow},
    month        = mar,
    howpublished = {\url{https://stackoverflow.com/questions/47069277/unsafe-implementation-of-the-hostnameverifier-interface}},
    title        = {{android - unsafe implementation of the
                   HostnameVerifier interface - Stack Overflow}},
    year         = {2018},
    note         = {Accessed Jul, 2021}
}

@article{CorbinStrauss,
    author    = {Corbin, JulietM. and Strauss, Anselm},
    journal   = {Qualitative Sociology},
    number    = {1},
    pages     = {3-21},
    publisher = {Kluwer Academic Publishers-Human Sciences Press},
    title     = {Grounded theory research: Procedures, canons, and
                   evaluative criteria},
    volume    = {13},
    year      = {1990},
    issn      = {0162-0436}
}


@article{BBC+10,
    title      = {A {{Few Billion Lines}} of {{Code Later}}: {{Using Static Analysis}} to {{Find Bugs}} in the {{Real World}}},
    author     = {Bessey, Al and Block, Ken and Chelf, Ben and Chou, Andy and Fulton, Bryan and Hallem, Seth and {Henri-Gros}, Charles and Kamsky, Asya and McPeak, Scott and Engler, Dawson},
    year       = {2010},
    month      = feb,
    volume     = {53},
    pages      = {66--75},
    publisher  = {{Association for Computing Machinery}},
    address    = {{New York, NY, USA}},
    issn       = {0001-0782},
    doi        = {10.1145/1646353.1646374},
    issue_date = {February 2010},
    journal    = {Communications of the ACM},
    number     = {2}
}


@misc{iot-bill,
    title        = {H.R.1668 - 116th Congress (2019-2020): Internet of Things Cybersecurity Improvement Act of 2020 | Congress.gov | Library of Congress},
    howpublished = {\url{https://www.congress.gov/bill/116th-congress/house-bill/1668}},
    month        = dec,
    year         = {2020},
    note         = {Accessed Jul, 2021}
}

@inproceedings{JSMB13,
    address   = {{San Francisco, CA, USA}},
    author    = {Johnson, Brittany and Song, Yoonki and
                   {Murphy-Hill}, Emerson and Bowdidge, Robert},
    booktitle = {2013 35th {{International Conference}} on {{Software
                   Engineering}} ({{ICSE}})},
    month     = may,
    pages     = {672--681},
    publisher = {{IEEE}},
    title     = {Why {{Don}}'t {{Software Developers Use Static
                   Analysis Tools}} to {{Find Bugs}}?},
    year      = {2013},
    doi       = {10.1109/ICSE.2013.6606613},
    isbn      = {978-1-4673-3076-3 978-1-4673-3073-2},
    language  = {en}
}

@inproceedings{FBX+17,
    address   = {{San Jose, CA, USA}},
    author    = {Fischer, Felix and Bottinger, Konstantin and
                   Xiao, Huang and Stransky, Christian and Acar, Yasemin and
                   Backes, Michael and Fahl, Sascha},
    booktitle = {2017 {{IEEE Symposium}} on {{Security}} and
                   {{Privacy}} ({{SP}})},
    month     = may,
    pages     = {121--136},
    publisher = {{IEEE}},
    title     = {Stack {{Overflow Considered Harmful}}? {{The Impact}}
                   of {{Copy}}\&{{Paste}} on {{Android Application
                   Security}}},
    year      = {2017},
    doi       = {10.1109/SP.2017.31},
    isbn      = {978-1-5090-5533-3},
    language  = {en}
}

@misc{SARIF,
    author       = {OASIS},
    key          = {{Sarif}},
    howpublished = {\url{https://sarifweb.azurewebsites.net/ }},
    title        = {{{The Static Analysis Results Interchange Format
                   (SARIF)}}},
    language     = {en-US},
    note         = {Accessed Jul, 2021}
}



@misc{SARIFviewer,
    key          = {{Sarifviewer}},
    howpublished = {\url{https://marketplace.visualstudio.com/items?itemName=MS-SarifVSCode.sarif-viewer
  }},
    title        = {{Sarif Viewer - Visual Studio Marketplace}},
    language     = {en-US},
    note         = {Accessed Jul, 2021}
}

@article{AKM+21,
    author  = {Ami, Amit Seal and Kafle, Kaushal and Moran, Kevin and
                   Nadkarni, Adwait and Poshyvanyk, Denys},
    journal = {ACM Transactions on Privacy and Security},
    month   = feb,
    number  = {3},
    pages   = {15:1--15:37},
    title   = {Systematic {{Mutation}}-{{Based Evaluation}} of the
                   {{Soundness}} of {{Security}}-{{Focused Android
                   Static Analysis Techniques}}},
    volume  = {24},
    year    = {2021},
    doi     = {10.1145/3439802},
    issn    = {2471-2566}
}

@misc{codeql_experimental_crypto_rules,
    key          = {github},
    month        = may,
    howpublished = {\url{https://github.com/github/codeql/blob/768e5190a1c9d40a4acc7143c461c3b114e7fd59/java/ql/src/experimental/Security/CWE/CWE-273/UnsafeCertTrust.ql}},
    title        = {{codeql/UnsafeCertTrust.ql at github/codeql}},
    year         = {2020},
    note         = {Accessed Jul, 2021}
}

@misc{codeql_experimental_crypto_rules_review,
    key          = {github},
    month        = jun,
    howpublished = {\url{https://github.com/github/codeql/pull/3550}},
    title        = {{Java: CWE-273 Unsafe certificate trust by luchua-bc
                   · Pull Request \#3550 - github/codeql}},
    year         = {2020},
    note         = {Accessed Jul, 2021}
}

@misc{qarkECB,
    key          = {qark},
    month        = jan,
    howpublished = {\url{https://github.com/linkedin/qark/blob/master/qark/plugins/crypto/ecb_cipher_usage.py#L31}},
    title        = {{qark/ecb\_cipher\_usage.py at master · linkedin/qark}},
    year         = {2018},
    note         = {Accessed Jul, 2021}
}
@misc{MITRE,
    key          = {MITRE},
    month        = feb,
    howpublished = {\url{https://cwe.mitre.org/}},
    title        = {{Common Weakness Enumeration}},
    year         = {2023},
    note         = {Accessed Feb, 2022}
}

@book{MHS14,
    address   = {{Thousand Oaks, Califorinia}},
    author    = {Miles, Matthew B. and Huberman, A. M. and
                   Salda{\~n}a, Johnny},
    edition   = {3rd edition},
    publisher = {{SAGE Publications, Inc}},
    title     = {Qualitative {{Data Analysis}}: {{A Methods
                   Sourcebook}}},
    year      = {2014},
    isbn      = {978-1-4522-5787-7},
    language  = {en}
}

@inproceedings{knr+17,
    address   = {{Piscataway, NJ, USA}},
    author    = {Kr{\"u}ger, Stefan and Nadi, Sarah and Reif, Michael and
                   Ali, Karim and Mezini, Mira and Bodden, Eric and
                   G{\"o}pfert, Florian and G{\"u}nther, Felix and
                   Weinert, Christian and Demmler, Daniel and
                   Kamath, Ram},
    booktitle = {Proceedings of the {{32Nd IEEE}}/{{ACM International
                   Conference}} on {{Automated Software Engineering}}},
    pages     = {931--936},
    publisher = {{IEEE Press}},
    series    = {{{ASE}} 2017},
    title     = {{{CogniCrypt}}: {{Supporting Developers}} in {{Using
                   Cryptography}}},
    year      = {2017},
    isbn      = {978-1-5386-2684-9}
}
